@inproceedings{sharif2019automatic,
  title={Automatic detection of suspicious bangla text using logistic regression},
  author={Sharif, Omar and Hoque, Mohammed Moshiul},
  booktitle={International Conference on Intelligent Computing \& Optimization},
  pages={581--590},
  year={2019},
  organization={Springer}
}
@inproceedings{hossain-etal-2021-nlp,
    title = "{NLP}-{CUET}@{D}ravidian{L}ang{T}ech-{EACL}2021: Investigating Visual and Textual Features to Identify Trolls from Multimodal Social Media Memes",
    author = "Hossain, Eftekhar  and
      Sharif, Omar  and
      Hoque, Mohammed Moshiul",
    booktitle = "Proceedings of the First Workshop on Speech and Language Technologies for Dravidian Languages",
    month = apr,
    year = "2021",
    address = "Kyiv",
    publisher = "Association for Computational Linguistics",
    url = "https://aclanthology.org/2021.dravidianlangtech-1.43",
    pages = "300--306",
}
@inproceedings{sharif-etal-2021-nlp,
    title = "{NLP}-{CUET}@{D}ravidian{L}ang{T}ech-{EACL}2021: Offensive Language Detection from Multilingual Code-Mixed Text using Transformers",
    author = "Sharif, Omar  and
      Hossain, Eftekhar  and
      Hoque, Mohammed Moshiul",
    booktitle = "Proceedings of the First Workshop on Speech and Language Technologies for Dravidian Languages",
    month = apr,
    year = "2021",
    address = "Kyiv",
    publisher = "Association for Computational Linguistics",
    url = "https://aclanthology.org/2021.dravidianlangtech-1.35",
    pages = "255--261",
}
@inproceedings{caselli-etal-2021-hatebert,
    title = "{H}ate{BERT}: Retraining {BERT} for Abusive Language Detection in {E}nglish",
    author = "Caselli, Tommaso  and
      Basile, Valerio  and
      Mitrovi{\'c}, Jelena  and
      Granitzer, Michael",
    booktitle = "Proceedings of the 5th Workshop on Online Abuse and Harms (WOAH 2021)",
    month = aug,
    year = "2021",
    address = "Online",
    publisher = "Association for Computational Linguistics",
    url = "https://aclanthology.org/2021.woah-1.3",
    doi = "10.18653/v1/2021.woah-1.3",
    pages = "17--25",
}
@inproceedings{aksenov-etal-2021-fine,
    title = "Fine-grained Classification of Political Bias in {G}erman News: A Data Set and Initial Experiments",
    author = "Aksenov, Dmitrii  and
      Bourgonje, Peter  and
      Zaczynska, Karolina  and
      Ostendorff, Malte  and
      Moreno-Schneider, Julian  and
      Rehm, Georg",
    booktitle = "Proceedings of the 5th Workshop on Online Abuse and Harms (WOAH 2021)",
    month = aug,
    year = "2021",
    address = "Online",
    publisher = "Association for Computational Linguistics",
    url = "https://aclanthology.org/2021.woah-1.13",
    doi = "10.18653/v1/2021.woah-1.13",
    pages = "121--131",
}
@proceedings{trac-2020-trolling,
    title = "Proceedings of the Second Workshop on Trolling, Aggression and Cyberbullying",
    editor = "Kumar, Ritesh  and
      Ojha, Atul Kr.  and
      Lahiri, Bornini  and
      Zampieri, Marcos  and
      Malmasi, Shervin  and
      Murdock, Vanessa  and
      Kadar, Daniel",
    month = may,
    year = "2020",
    address = "Marseille, France",
    publisher = "European Language Resources Association (ELRA)",
    url = "https://aclanthology.org/2020.trac-1.0",
    ISBN = "979-10-95546-56-6",
}
@proceedings{nlp4if-2021-nlp,
    title = "Proceedings of the Fourth Workshop on NLP for Internet Freedom: Censorship, Disinformation, and Propaganda",
    editor = "Feldman, Anna  and
      Da San Martino, Giovanni  and
      Leberknight, Chris  and
      Nakov, Preslav",
    month = jun,
    year = "2021",
    address = "Online",
    publisher = "Association for Computational Linguistics",
    url = "https://aclanthology.org/2021.nlp4if-1.0",
}
@inproceedings{hartung-etal-2017-ranking,
    title = "Ranking Right-Wing Extremist Social Media Profiles by Similarity to Democratic and Extremist Groups",
    author = "Hartung, Matthias  and
      Klinger, Roman  and
      Schmidtke, Franziska  and
      Vogel, Lars",
    booktitle = "Proceedings of the 8th Workshop on Computational Approaches to Subjectivity, Sentiment and Social Media Analysis",
    month = sep,
    year = "2017",
    address = "Copenhagen, Denmark",
    publisher = "Association for Computational Linguistics",
    url = "https://aclanthology.org/W17-5204",
    doi = "10.18653/v1/W17-5204",
    pages = "24--33",
}
@inproceedings{suhr-etal-2021-crowdsourcing,
    title = "Crowdsourcing Beyond Annotation: Case Studies in Benchmark Data Collection",
    author = "Suhr, Alane  and
      Vania, Clara  and
      Nangia, Nikita  and
      Sap, Maarten  and
      Yatskar, Mark  and
      Bowman, Samuel R.  and
      Artzi, Yoav",
    booktitle = "Proceedings of the 2021 Conference on Empirical Methods in Natural Language Processing: Tutorial Abstracts",
    month = nov,
    year = "2021",
    address = "Punta Cana, Dominican Republic {\&} Online",
    publisher = "Association for Computational Linguistics",
    url = "https://aclanthology.org/2021.emnlp-tutorials.1",
    doi = "10.18653/v1/2021.emnlp-tutorials.1",
    pages = "1--6",
}
@inproceedings{zhou-etal-2021-challenges,
    title = "Challenges in Automated Debiasing for Toxic Language Detection",
    author = "Zhou, Xuhui  and
      Sap, Maarten  and
      Swayamdipta, Swabha  and
      Choi, Yejin  and
      Smith, Noah",
    booktitle = "Proceedings of the 16th Conference of the European Chapter of the Association for Computational Linguistics: Main Volume",
    month = apr,
    year = "2021",
    address = "Online",
    publisher = "Association for Computational Linguistics",
    url = "https://aclanthology.org/2021.eacl-main.274",
    doi = "10.18653/v1/2021.eacl-main.274",
    pages = "3143--3155",
}
@article{cohen,
author = {Jacob Cohen},
title ={A Coefficient of Agreement for Nominal Scales},
journal = {Educational and Psychological Measurement},
volume = {20},
number = {1},
pages = {37-46},
year = {1960},
doi = {10.1177/001316446002000104},

URL = { 
        https://doi.org/10.1177/001316446002000104
    
},
eprint = { 
        https://doi.org/10.1177/001316446002000104
    
}

}
@article{vidgen2020directions,
    author = {Vidgen, Bertie AND Derczynski, Leon},
    journal = {PLOS ONE},
    publisher = {Public Library of Science},
    title = {Directions in abusive language training data, a systematic review: Garbage in, garbage out},
    year = {2021},
    month = {12},
    volume = {15},
    url = {https://doi.org/10.1371/journal.pone.0243300},
    pages = {1-32},
    number = {12},
    doi = {10.1371/journal.pone.0243300}
}
@inproceedings{vidgen-etal-2021-introducing,
    title = "Introducing {CAD}: the Contextual Abuse Dataset",
    author = "Vidgen, Bertie  and
      Nguyen, Dong  and
      Margetts, Helen  and
      Rossini, Patricia  and
      Tromble, Rebekah",
    booktitle = "Proceedings of the 2021 Conference of the North American Chapter of the Association for Computational Linguistics: Human Language Technologies",
    month = jun,
    year = "2021",
    address = "Online",
    publisher = "Association for Computational Linguistics",
    url = "https://aclanthology.org/2021.naacl-main.182",
    doi = "10.18653/v1/2021.naacl-main.182",
    pages = "2289--2303",
}
@inproceedings{kumar-etal-2018-aggression,
    title = "Aggression-annotated Corpus of {H}indi-{E}nglish Code-mixed Data",
    author = "Kumar, Ritesh  and
      Reganti, Aishwarya N.  and
      Bhatia, Akshit  and
      Maheshwari, Tushar",
    booktitle = "Proceedings of the Eleventh International Conference on Language Resources and Evaluation ({LREC} 2018)",
    month = may,
    year = "2018",
    address = "Miyazaki, Japan",
    publisher = "European Language Resources Association (ELRA)",
    url = "https://aclanthology.org/L18-1226",
}
@inproceedings{zampieri-etal-2019-predicting,
    title = "Predicting the Type and Target of Offensive Posts in Social Media",
    author = "Zampieri, Marcos  and
      Malmasi, Shervin  and
      Nakov, Preslav  and
      Rosenthal, Sara  and
      Farra, Noura  and
      Kumar, Ritesh",
    booktitle = "Proceedings of the 2019 Conference of the North {A}merican Chapter of the Association for Computational Linguistics: Human Language Technologies, Volume 1 (Long and Short Papers)",
    month = jun,
    year = "2019",
    address = "Minneapolis, Minnesota",
    publisher = "Association for Computational Linguistics",
    url = "https://aclanthology.org/N19-1144",
    doi = "10.18653/v1/N19-1144",
    pages = "1415--1420",
}
@INPROCEEDINGS{8934609,
  author={Chakraborty, Puja and Seddiqui, Md. Hanif},
  booktitle={2019 1st International Conference on Advances in Science, Engineering and Robotics Technology (ICASERT)}, 
  title={Threat and Abusive Language Detection on Social Media in Bengali Language}, 
  year={2019},
  volume={},
  number={},
  pages={1-6},
  doi={10.1109/ICASERT.2019.8934609}}
  
  
@InProceedings{sharif2021constraint,
author="Sharif, Omar
and Hoque, Mohammed Moshiul",
editor="Chakraborty, Tanmoy  and et al.",
title="Identification and Classification of Textual Aggression in Social Media: Resource Creation and Evaluation",
booktitle="Combating Online Hostile Posts in Regional Languages during Emergency Situation",
year="2021",
publisher="Springer Nature Switzerland AG",
pages="1--12",

}

@INPROCEEDINGS{8843606,  author={Emon, Estiak Ahmed and Rahman, Shihab and Banarjee, Joti and Das, Amit Kumar and Mittra, Tanni},  booktitle={2019 7th International Conference on Smart Computing   Communications (ICSCC)},   title={A Deep Learning Approach to Detect Abusive Bengali Text},   year={2019},  volume={},  number={},  pages={1-5},  doi={10.1109/ICSCC.2019.8843606}}

@inproceedings{ranasinghe-zampieri-2020-multilingual,
    title = "Multilingual Offensive Language Identification with Cross-lingual Embeddings",
    author = "Ranasinghe, Tharindu  and
      Zampieri, Marcos",
    booktitle = "Proceedings of the 2020 Conference on Empirical Methods in Natural Language Processing (EMNLP)",
    month = nov,
    year = "2020",
    address = "Online",
    publisher = "Association for Computational Linguistics",
    url = "https://aclanthology.org/2020.emnlp-main.470",
    doi = "10.18653/v1/2020.emnlp-main.470",
    pages = "5838--5844",
}

@misc{karim2021deephateexplainer,
      title={DeepHateExplainer: Explainable Hate Speech Detection in Under-resourced Bengali Language}, 
      author={Md. Rezaul Karim and Sumon Kanti Dey and Tanhim Islam and Sagor Sarker and Mehadi Hasan Menon and Kabir Hossain and Bharathi Raja Chakravarthi and Md. Azam Hossain and Stefan Decker},
      year={2021},
      eprint={2012.14353},
      archivePrefix={arXiv},
      primaryClass={cs.CL}
}
@inproceedings{moon-etal-2020-beep,
    title = "{BEEP}! {K}orean Corpus of Online News Comments for Toxic Speech Detection",
    author = "Moon, Jihyung  and
      Cho, Won Ik  and
      Lee, Junbum",
    booktitle = "Proceedings of the Eighth International Workshop on Natural Language Processing for Social Media",
    month = jul,
    year = "2020",
    address = "Online",
    publisher = "Association for Computational Linguistics",
    url = "https://aclanthology.org/2020.socialnlp-1.4",
    doi = "10.18653/v1/2020.socialnlp-1.4",
    pages = "25--31",
}
@misc{bhardwaj2020hostility,
      title={Hostility Detection Dataset in Hindi}, 
      author={Mohit Bhardwaj and Md Shad Akhtar and Asif Ekbal and Amitava Das and Tanmoy Chakraborty},
      year={2020},
      eprint={2011.03588},
      archivePrefix={arXiv},
      primaryClass={cs.CL}
}
@inproceedings{leite-etal-2020-toxic,
    title = "Toxic Language Detection in Social Media for {B}razilian {P}ortuguese: New Dataset and Multilingual Analysis",
    author = "Leite, Jo{\~a}o Augusto  and
      Silva, Diego  and
      Bontcheva, Kalina  and
      Scarton, Carolina",
    booktitle = "Proceedings of the 1st Conference of the Asia-Pacific Chapter of the Association for Computational Linguistics and the 10th International Joint Conference on Natural Language Processing",
    month = dec,
    year = "2020",
    address = "Suzhou, China",
    publisher = "Association for Computational Linguistics",
    url = "https://aclanthology.org/2020.aacl-main.91",
    pages = "914--924",
}
@inproceedings{kumar-etal-2020-evaluating,
    title = "Evaluating Aggression Identification in Social Media",
    author = "Kumar, Ritesh  and
      Ojha, Atul Kr.  and
      Malmasi, Shervin  and
      Zampieri, Marcos",
    booktitle = "Proceedings of the Second Workshop on Trolling, Aggression and Cyberbullying",
    month = may,
    year = "2020",
    address = "Marseille, France",
    publisher = "European Language Resources Association (ELRA)",
    url = "https://aclanthology.org/2020.trac-1.1",
    pages = "1--5",
}
@inproceedings{nikhil-etal-2018-lstms,
    title = "{LSTM}s with Attention for Aggression Detection",
    author = "Nikhil, Nishant  and
      Pahwa, Ramit  and
      Nirala, Mehul Kumar  and
      Khilnani, Rohan",
    booktitle = "Proceedings of the First Workshop on Trolling, Aggression and Cyberbullying ({TRAC}-2018)",
    month = aug,
    year = "2018",
    address = "Santa Fe, New Mexico, USA",
    publisher = "Association for Computational Linguistics",
    url = "https://aclanthology.org/W18-4406",
    pages = "52--57",
}
@inproceedings{kumari-singh-2020-ai,
    title = "{AI}{\_}{ML}{\_}{NIT}{\_}{P}atna @ {TRAC} - 2: Deep Learning Approach for Multi-lingual Aggression Identification",
    author = "Kumari, Kirti  and
      Singh, Jyoti Prakash",
    booktitle = "Proceedings of the Second Workshop on Trolling, Aggression and Cyberbullying",
    month = may,
    year = "2020",
    address = "Marseille, France",
    publisher = "European Language Resources Association (ELRA)",
    url = "https://aclanthology.org/2020.trac-1.18",
    pages = "113--119",
}
@inproceedings{golem-etal-2018-combining,
    title = "Combining Shallow and Deep Learning for Aggressive Text Detection",
    author = "Golem, Viktor  and
      Karan, Mladen  and
      {\v{S}}najder, Jan",
    booktitle = "Proceedings of the First Workshop on Trolling, Aggression and Cyberbullying ({TRAC}-2018)",
    month = aug,
    year = "2018",
    address = "Santa Fe, New Mexico, USA",
    publisher = "Association for Computational Linguistics",
    url = "https://aclanthology.org/W18-4422",
    pages = "188--198",
}
@inproceedings{risch-krestel-2020-bagging,
    title = "Bagging {BERT} Models for Robust Aggression Identification",
    author = "Risch, Julian  and
      Krestel, Ralf",
    booktitle = "Proceedings of the Second Workshop on Trolling, Aggression and Cyberbullying",
    month = may,
    year = "2020",
    address = "Marseille, France",
    publisher = "European Language Resources Association (ELRA)",
    url = "https://aclanthology.org/2020.trac-1.9",
    pages = "55--61",
}

@inproceedings{kumar-etal-2018-benchmarking,
    title = "Benchmarking Aggression Identification in Social Media",
    author = "Kumar, Ritesh  and
      Ojha, Atul Kr.  and
      Malmasi, Shervin  and
      Zampieri, Marcos",
    booktitle = "Proceedings of the First Workshop on Trolling, Aggression and Cyberbullying ({TRAC}-2018)",
    month = aug,
    year = "2018",
    address = "Santa Fe, New Mexico, USA",
    publisher = "Association for Computational Linguistics",
    url = "https://aclanthology.org/W18-4401",
    pages = "1--11",
}

@inproceedings{wang2012baselines,
  title={Baselines and bigrams: Simple, good sentiment and topic classification},
  author={Wang, Sida I and Manning, Christopher D},
  booktitle={Proceedings of the 50th Annual Meeting of the Association for Computational Linguistics (Volume 2: Short Papers)},
  pages={90--94},
  year={2012}
}

@article{zhang2010understanding,
  title={Understanding bag-of-words model: a statistical framework},
  author={Zhang, Yin and Jin, Rong and Zhou, Zhi-Hua},
  journal={International Journal of Machine Learning and Cybernetics},
  volume={1},
  number={1-4},
  pages={43--52},
  year={2010},
  publisher={Springer}
}

@inproceedings{marpaung2021hate,
  title={Hate Speech Detection in Indonesian Twitter Texts using Bidirectional Gated Recurrent Unit},
  author={Marpaung, Angela and Rismala, Rita and Nurrahmi, Hani},
  booktitle={2021 13th International Conference on Knowledge and Smart Technology (KST)},
  pages={186--190},
  year={2021},
  organization={IEEE}
}

@inproceedings{vaswani2017attention,
  title={Attention is all you need},
  author={Vaswani, Ashish and Shazeer, Noam and Parmar, Niki and Uszkoreit, Jakob and Jones, Llion and Gomez, Aidan N and Kaiser, {\L}ukasz and Polosukhin, Illia},
  booktitle={Advances in neural information processing systems},
  pages={5998--6008},
  year={2017}
}

@article{joulin2016fasttext,
  title={Fasttext. zip: Compressing text classification models},
  author={Joulin, Armand and Grave, Edouard and Bojanowski, Piotr and Douze, Matthijs and J{\'e}gou, H{\'e}rve and Mikolov, Tomas},
  journal={arXiv preprint arXiv:1612.03651},
  year={2016}
}

@article{SHARIF2021,
title = {Tackling Cyber-Aggression: Identification and Fine-Grained Categorization of Aggressive Texts on Social Media using Weighted Ensemble of Transformers},
journal = {Neurocomputing},
year = {2021},
issn = {0925-2312},
doi = {https://doi.org/10.1016/j.neucom.2021.12.022},
url = {https://www.sciencedirect.com/science/article/pii/S0925231221018567},
author = {Omar Sharif and Mohammed Moshiul Hoque},
}
@inproceedings{gordeev-lykova-2020-bert,
    title = "{BERT} of all trades, master of some",
    author = "Gordeev, Denis  and
      Lykova, Olga",
    booktitle = "Proceedings of the Second Workshop on Trolling, Aggression and Cyberbullying",
    month = may,
    year = "2020",
    address = "Marseille, France",
    publisher = "European Language Resources Association (ELRA)",
    url = "https://aclanthology.org/2020.trac-1.15",
    pages = "93--98",
}

@inproceedings{samghabadi2020aggression,
  title={Aggression and misogyny detection using BERT: A multi-task approach},
  author={Samghabadi, Niloofar Safi and Patwa, Parth and Srinivas, PYKL and Mukherjee, Prerana and Das, Amitava and Solorio, Thamar},
  booktitle={Proceedings of the Second Workshop on Trolling, Aggression and Cyberbullying},
  pages={126--131},
  year={2020}
}

@inproceedings{baruah2020aggression,
  title={Aggression identification in english, hindi and bangla text using bert, roberta and svm},
  author={Baruah, Arup and Das, Kaushik and Barbhuiya, Ferdous and Dey, Kuntal},
  booktitle={Proceedings of the second workshop on trolling, aggression and cyberbullying},
  pages={76--82},
  year={2020}
}

@inproceedings{indicbert,
    title={{IndicNLPSuite: Monolingual Corpora, Evaluation Benchmarks and Pre-trained Multilingual Language Models for Indian Languages}},
    author={Divyanshu Kakwani and Anoop Kunchukuttan and Satish Golla and Gokul N.C. and Avik Bhattacharyya and Mitesh M. Khapra and Pratyush Kumar},
    year={2020},
    booktitle={Findings of EMNLP},
}

@article{banglabert,
  author    = {Abhik Bhattacharjee and Tahmid Hasan and Kazi Samin and Md Saiful Islam and M. Sohel Rahman and Anindya Iqbal and Rifat Shahriyar},
  title     = {BanglaBERT: Combating Embedding Barrier in Multilingual Models for Low-Resource Language Understanding},
  journal   = {CoRR},
  volume    = {abs/2101.00204},
  year      = {2021},
  url       = {https://arxiv.org/abs/2101.00204},
  eprinttype = {arXiv},
  eprint    = {2101.00204}
}

@article{mbert,
  author    = {Jacob Devlin and
               Ming{-}Wei Chang and
               Kenton Lee and
               Kristina Toutanova},
  title     = {{BERT:} Pre-training of Deep Bidirectional Transformers for Language
               Understanding},
  journal   = {CoRR},
  volume    = {abs/1810.04805},
  year      = {2018},
  url       = {http://arxiv.org/abs/1810.04805},
  archivePrefix = {arXiv},
  eprint    = {1810.04805},
  timestamp = {Tue, 30 Oct 2018 20:39:56 +0100},
  biburl    = {https://dblp.org/rec/journals/corr/abs-1810-04805.bib},
  bibsource = {dblp computer science bibliography, https://dblp.org}
}

@article{maiya2020ktrain,
    title={ktrain: A Low-Code Library for Augmented Machine Learning},
    author={Arun S. Maiya},
    year={2020},
    eprint={2004.10703},
    archivePrefix={arXiv},
    primaryClass={cs.LG},
    journal={arXiv preprint arXiv:2004.10703},
}

@inproceedings{smith2017cyclical,
  title={Cyclical learning rates for training neural networks},
  author={Smith, Leslie N},
  booktitle={2017 IEEE winter conference on applications of computer vision (WACV)},
  pages={464--472},
  year={2017},
  organization={IEEE}
}
