% Please download the latest anthology.bib from
%
% http://aclweb.org/anthology/anthology.bib.gz

@Inproceedings{Martin-90,
  author = 	 "Jannik Strötgen and Michael Gertz",
  title = 	 "Temporal Tagging on Different Domains: Challenges, Strategies, and Gold Standards",
  booktitle = "Proceedings of the Eight International Conference on Language Resources and Evaluation (LREC'12)",
  year = 	 "2012",
  month = 	 "may",
  date =     "23-25",
  pages = 	 "3746--3753",
  address =  "Istanbul, Turkey",
  editor = 	 "Nicoletta Calzolari (Conference Chair) and Khalid Choukri and Thierry Declerck and Mehmet U\v{g}ur Do\v{g}an and Bente Maegaard and Joseph Mariani and Asuncion Moreno and Jan Odijk and Stelios Piperidis",
  publisher = "European Language Resource Association  (ELRA)",
  isbn = "978-2-9517408-7-7",
}

@Book{Chercheur-94,
  title =        "Case-Based Reasoning",
  author =       "J.L. Chercheur",
  publisher =    "Morgan Kaufman Publishers",
  year =         "1994",
  edition =      "2nd",
  address =      "San Mateo, CA",
}

@Article{CastorPollux-92,
  author =       "A. Castor and L. E. Pollux",
  title =        "The use of user modelling to guide inference and learning",
  journal =      "Applied Intelligence",
  volume =       "2(1)",
  pages =        "37--53",
  year =         "1992",
}

@Phdthesis{Zavatta-92,
  author =       "A. Zavatta",
  year =         "1992",
  title =        "Un Générateur d'Insultes s'intégrant dans un Système de Dialogue Humain-Machine.",
  school =       "Université Paris-sud, Centre d'Orsay",
  type =         "Thèse de Doctorat en Informatique",
}

@Inbook{Grandchercheur-83,
  author =       "L. B. Grandchercheur",
  title =        "Vers une modélisation cognitive de l'être et du néant",
  booktitle =    "Fondement des Sciences Cognitives",
  publisher =    "Lawrence Erlbaum Associates",
  year =         "1983",
  pages =        "6--38",
  address =      "Hillsdale, N.J."
}

%fictitious reference
@Book{Superman-Batman-Catwoman-Spiderman-00,
  author =       "S. Superman and B. Batman and C. Catwoman and S. Spiderman",
  title =        "Superheroes experiences with books",
  journal =      "Journal journal journal",
  year =         "2000",
  publisher =    "The Phantom Editors Associates",
  edition =      "20th",
  address =      "Gotham City",
}



%% @COMMENT{Other examples taken from the document describing BS 5605}
@Book{chicago-82,
  title =        "The {C}hicago Manual of Style",
  author =       "`Chicago'",
  year =         "1982",
  publisher =    "University of Chicago Press",
  edition =      "13th",
}

@Article{howells-66-pop,
  author =       "W. W. Howells",
  title =        "Population Distances: Biological, Linguistic,
                 Geographical and Environmental",
  journal =      "Current Anthropology",
  volume =       "7",
  pages =        "531--540",
  year =         "1966",
}

@Manual{anon-67,
  author =       "Anon.",
  title =        "Title title title title title title title title title
                 title",
  organization = "Organization organization organization",
  year =         "1967",
}

@Incollection{hanson-67,
  author =       "C. W. Hanson",
  title =        "Subject inquiries and literature searching",
  booktitle =    "Handbook of special librarianship and information
                 work",
  editor =       "W. Ashworth",
  year =         "1967",
  edition =      "3rd",
  pages =        "414--452",
}

@Inbook{wright-63,
  author =       "R. C. Wright",
  title =        "Report Literature",
  booktitle =    "Special Materials in the Library",
  editor =       "J. Burkett and T. S. Morgan",
  year =         "1963",
  pages =        "46--59",
}

%% @COMMENT{Some examples taken from document describing BS 1629}

@Book{hoel-71-whole,
  author =       "Paul Gerhard Hoel",
  title =        "Elementary Statistics",
  publisher =    "Wiley",
  year =         "1971",
  series =       "Wiley series in probability and mathematical
                 statistics",
  address =      "New York, Chichester",
  edition =      "3rd",
  note =         "ISBN 0~471~40300",
}

@Inbook{hoel-71-portion,
  author =       "Paul Gerhard Hoel",
  title =        "Elementary Statistics",
  publisher =    "Wiley",
  year =         "1971",
  series =       "Wiley series in probability and mathematical
                 statistics",
  address =      "New York, Chichester",
  edition =      "3rd",
  note =         "ISBN 0~471~40300",
  pages =        "19--33",
}

@Book{singer-whole,
  year =         "1954--58",
  editor =       "Charles Joseph Singer and E. J. Holmyard and A. R.
                 Hall",
  title =        "A history of technology",
  address =      "London",
  publisher =    "Oxford University Press",
  note =         "5 vol.",
}

@Incollection{singer-portion-chapter,
  title =        "The late nineteenth century",
  year =         "1954--58",
  editor =       "Charles Joseph Singer and E. J. Holmyard and A. R.
                 Hall",
  booktitle =    "A history of technology",
  address =      "London",
  publisher =    "Oxford University Press",
  type =         "Vol.",
  chapter =      "5",
}

@Inproceedings{chomsky-73,
  author =       "N. Chomsky",
  year =         "1973",
  title =        "Conditions on Transformations",
  booktitle =    "A festschrift for {Morris Halle}",
  editor =       "S. R. Anderson and P. Kiparsky",
  publisher =    "Holt, Rinehart \& Winston",
  address =      "New York",
}

@Manual{bs-2570-manual,
  author =       "BSI",
  title =        "Natural Fibre Twines",
  organization = "British Standards Institution",
  address =      "London",
  edition =      "3rd",
  year =         "1973",
  note =         "BS 2570",
}

@Techreport{bs-2570-techreport,
  author =       "BSI",
  title =        "Natural Fibre Twines",
  institution =  "British Standards Institution",
  address =      "London",
  year =         "1973",
  type =         "BS",
  number =       "2570",
  note =         "3rd. edn.",
}


@Techreport{winget-67,
  author =       "{Winget Ltd.}",
  title =        "Detachable Bulldozer Attachment for Dumper Vehicles",
  year =         "1967",
  type =         "GB Patent Specification",
  number =       "1060631",
  month =        "8~" # mar,
}
@LanguageResource{speecon,
    author = "{Speecon Consortium}",
    title = "Dutch Speecon Database",
    publisher = "Speecon Project, distributed via ELRA",
    year = "2014",
    series = "Speecon resources",
    edition = "1.0",
    islrn = "613-489-674-355-0",
}

















% ======================== RELATED WORK =========================
%%GeoCOV
@article{10.1145/3404820.3404823,
author = {Qazi, Umair and Imran, Muhammad and Ofli, Ferda},
title = {GeoCoV19: A Dataset of Hundreds of Millions of Multilingual COVID-19 Tweets with Location Information},
year = {2020},
issue_date = {March 2020},
publisher = {ACM},
address = {New York, NY, USA},
volume = {12},
number = {1},
url = {https://doi.org/10.1145/3404820.3404823},
doi = {10.1145/3404820.3404823},
journal = {SIGSPATIAL Special},
month = jun,
pages = {6–15},
numpages = {10}
}

@inproceedings{vlachos-riedel-2014-fact,
    title = "Fact Checking: Task definition and dataset construction",
    author = "Vlachos, Andreas  and
      Riedel, Sebastian",
    booktitle = "Proceedings of the {ACL} 2014 Workshop on Language Technologies and Computational Social Science",
    month = jun,
    year = "2014",
    address = "Baltimore, MD, USA",
    publisher = "ACL",
    % url = "https://aclanthology.org/W14-2508",
    % doi = "10.3115/v1/W14-2508",
    pages = "18--22",
}

@inproceedings{cohen2011computation,
  title={Computation-al Journalism: A Call to Arms to Database Research-ers},
  author={Cohen, Sarah and Li, Chengkai and Yang, Jun and Yu, Cong},
  booktitle={5th Biennial Conference on Innovative Data Systems Research, ACM},
  year={2011}
}

@article{flew2012promise,
  title={The promise of computational journalism},
  author={Flew, Terry and Spurgeon, Christina and Daniel, Anna and Swift, Adam},
  journal={Journalism practice},
  volume={6},
  number={2},
  pages={157--171},
  year={2012},
  publisher={Taylor \& Francis}
}

% @inproceedings{vlachos-riedel-2014-fact,
%     title = "Fact Checking: Task definition and dataset construction",
%     author = "Vlachos, Andreas  and
%       Riedel, Sebastian",
%     booktitle = "Proceedings of the {ACL} 2014 Workshop on Language Technologies and Computational Social Science",
%     month = jun,
%     year = "2014",
%     address = "Baltimore, MD, USA",
%     publisher = "ACL",
%     url = "https://aclanthology.org/W14-2508",
%     doi = "10.3115/v1/W14-2508",
%     pages = "18--22",
% }

@inproceedings{wang-2017-liar,
    title = "{``}Liar, Liar Pants on Fire{''}: A New Benchmark Dataset for Fake News Detection",
    author = "Wang, William Yang",
    booktitle = "Proceedings of the 55th Annual Meeting of the ACL (Volume 2: Short Papers)",
    month = jul,
    year = "2017",
    address = "Vancouver, Canada",
    publisher = "ACL",
    % url = "https://aclanthology.org/P17-2067",
    % doi = "10.18653/v1/P17-2067",
    pages = "422--426",
}

@inproceedings{khattar2019mvae,
  title={Mvae: Multimodal variational autoencoder for fake news detection},
  author={Khattar, Dhruv and Goud, Jaipal Singh and Gupta, Manish and Varma, Vasudeva},
  booktitle={The world wide web conference},
  pages={2915--2921},
  year={2019}
}


@article{grondahl2019text,
  title={Text analysis in adversarial settings: Does deception leave a stylistic trace?},
  author={Gr{\"o}ndahl, Tommi and Asokan, N},
  journal={ACM Computing Surveys (CSUR)},
  volume={52},
  number={3},
  pages={1--36},
  year={2019},
  publisher={ACM New York, NY, USA}
}

@inproceedings{shu2019beyond,
  title={Beyond news contents: The role of social context for fake news detection},
  author={Shu, Kai and Wang, Suhang and Liu, Huan},
  booktitle={Proceedings of the twelfth ACM international conference on web search and data mining},
  pages={312--320},
  year={2019}
}

@article{wei2019modeling,
  title={Modeling conversation structure and temporal dynamics for jointly predicting rumor stance and veracity},
  author={Wei, Penghui and Xu, Nan and Mao, Wenji},
  journal={arXiv preprint arXiv:1909.08211},
  year={2019}
}


@article{pennycook2019fighting,
  title={Fighting misinformation on social media using crowdsourced judgments of news source quality},
  author={Pennycook, Gordon and Rand, David G},
  journal={Proceedings of the National Academy of Sciences},
  volume={116},
  number={7},
  pages={2521--2526},
  year={2019},
  publisher={National Acad Sciences}
}

@article{popat2018declare,
  title={Declare: Debunking fake news and false claims using evidence-aware deep learning},
  author={Popat, Kashyap and Mukherjee, Subhabrata and Yates, Andrew and Weikum, Gerhard},
  journal={arXiv preprint arXiv:1809.06416},
  year={2018}
}

@article{wu2020adaptive,
  title={Adaptive interaction fusion networks for fake news detection},
  author={Wu, Lianwei and Rao, Yuan},
  journal={arXiv preprint arXiv:2004.10009},
  year={2020}
}

@inproceedings{ma2019sentence,
  title={Sentence-level evidence embedding for claim verification with hierarchical attention networks},
  author={Ma, Jing and Gao, Wei and Joty, Shafiq and Wong, Kam-Fai},
  year={2019},
  organization={ACL}
}

%% BM25
@article{robertson1995okapi,
  title={Okapi at TREC-3},
  author={Robertson, Stephen E and Walker, Steve and Jones, Susan and Hancock-Beaulieu, Micheline M and Gatford, Mike and others},
  journal={Nist Special Publication Sp},
  volume={109},
  pages={109},
  year={1995},
  publisher={NATIONAL INSTIUTE OF STANDARDS \& TECHNOLOGY}
}

@article{gillick2018end,
  title={End-to-end retrieval in continuous space},
  author={Gillick, Daniel and Presta, Alessandro and Tomar, Gaurav Singh},
  journal={arXiv preprint arXiv:1811.08008},
  year={2018}
}

@article{dong2015knowledge,
  title={Knowledge-based trust: Estimating the trustworthiness of web sources},
  author={Dong, Xin Luna and Gabrilovich, Evgeniy and Murphy, Kevin and Dang, Van and Horn, Wilko and Lugaresi, Camillo and Sun, Shaohua and Zhang, Wei},
  year={2015}
}
@inproceedings{nakashole2014language,
  title={Language-aware truth assessment of fact candidates},
  author={Nakashole, Ndapandula and Mitchell, Tom},
  booktitle={Proceedings of the 52nd Annual Meeting of the ACL (Volume 1: Long Papers)},
  pages={1009--1019},
  year={2014}
}

@inproceedings{kumar2016disinformation,
  title={Disinformation on the web: Impact, characteristics, and detection of wikipedia hoaxes},
  author={Kumar, Srijan and West, Robert and Leskovec, Jure},
  booktitle={Proceedings of the 25th international conference on World Wide Web},
  pages={591--602},
  year={2016}
}

@inproceedings{qazvinian2011rumor,
  title={Rumor has it: Identifying misinformation in microblogs},
  author={Qazvinian, Vahed and Rosengren, Emily and Radev, Dragomir and Mei, Qiaozhu},
  booktitle={Proceedings of the 2011 Conference on Empirical Methods in Natural Language Processing},
  pages={1589--1599},
  year={2011}
}


@article{allcott2017social,
  title={Social media and fake news in the 2016 election},
  author={Allcott, Hunt and Gentzkow, Matthew},
  journal={Journal of economic perspectives},
  volume={31},
  number={2},
  pages={211--36},
  year={2017}
}


% report of forbes
@misc{beech_2020, title={COVID-19 Pushes Up Internet Use 70\% And Streaming More Than 12\%, First Figures Reveal}, url={https://www.forbes.com/sites/markbeech/2020/03/25/covid-19-pushes-up-internet-use-70-streaming-more-than-12-first-figures-reveal}, journal={Forbes}, publisher={Forbes Magazine}, author={Beech, Mark}, year={2020}, month={Mar}}

@article{grave2018learning,
  title={Learning word vectors for 157 languages},
  author={Grave, Edouard and Bojanowski, Piotr and Gupta, Prakhar and Joulin, Armand and Mikolov, Tomas},
  journal={arXiv preprint arXiv:1802.06893},
  year={2018}
}


%%  ClaimVerif
@inproceedings{zhi2017claimverif,
  title={Claimverif: a real-time claim verification system using the web and fact databases},
  author={Zhi, Shi and Sun, Yicheng and Liu, Jiayi and Zhang, Chao and Han, Jiawei},
  booktitle={Proceedings of the 2017 ACM on Conference on Information and Knowledge Management},
  pages={2555--2558},
  year={2017}
}



%% FEVER Task
@inproceedings{thorne-etal-2018-fact,
    title = "The Fact Extraction and {VER}ification ({FEVER}) Shared Task",
    author = "Thorne, James  and
      Vlachos, Andreas  and
      Cocarascu, Oana  and
      Christodoulopoulos, Christos  and
      Mittal, Arpit",
    booktitle = "Proceedings of the First Workshop on Fact Extraction and {VER}ification ({FEVER})",
    month = nov,
    year = "2018",
    address = "Brussels, Belgium",
    publisher = "ACL",
    % url = "https://aclanthology.org/W18-5501",
    % doi = "10.18653/v1/W18-5501",
    pages = "1--9"
}
%%UKP-Athene
@inproceedings{hanselowski-etal-2018-ukp,
    title = "{UKP}-Athene: Multi-Sentence Textual Entailment for Claim Verification",
    author = "Hanselowski, Andreas  and
      Zhang, Hao  and
      Li, Zile  and
      Sorokin, Daniil  and
      Schiller, Benjamin  and
      Schulz, Claudia  and
      Gurevych, Iryna",
    booktitle = "Proceedings of the First Workshop on Fact Extraction and {VER}ification ({FEVER})",
    month = nov,
    year = "2018",
    address = "Brussels, Belgium",
    publisher = "ACL",
    % url = "https://aclanthology.org/W18-5516",
    pages = "103--108"
}



%%Sentence Embeddings
@inproceedings{ma2019sentence,
  title={Sentence-Level Evidence Embedding for Claim Verification with Hierarchical Attention Networks},
  author={Ma, Jing and Gao, Wei and Joty, Shafiq and Wong, Kam-Fai},
  booktitle={Proceedings of the 57th Annual Meeting of the ACL},
  pages={2561--2571},
  year={2019}
}



%%Claim Verification
@inproceedings{10.1145/3132847.3133182,
author = {Zhi, Shi and Sun, Yicheng and Liu, Jiayi and Zhang, Chao and Han, Jiawei},
title = {ClaimVerif: A Real-Time Claim Verification System Using the Web and Fact Databases},
year = {2017},
isbn = {9781450349185},
publisher = {ACM},
address = {New York, NY, USA},
booktitle = {Proceedings of the 2017 ACM on CIKM},
pages = {2555–2558},
numpages = {4},
keywords = {source credibility analysis, fact checking, text mining, rumor detection},
location = {Singapore, Singapore},
series = {CIKM '17}
}

%%Claim Detection
@inproceedings{levy2014context,
  title={Context dependent claim detection},
  author={Levy, Ran and Bilu, Yonatan and Hershcovich, Daniel and Aharoni, Ehud and Slonim, Noam},
  booktitle={Proceedings of COLING 2014, the 25th International Conference on Computational Linguistics: Technical Papers},
  pages={1489--1500},
  year={2014}
}
%%LESA
@inproceedings{gupta2021lesa,
  title={LESA: Linguistic Encapsulation and Semantic Amalgamation Based Generalised Claim Detection from Online Content},
  author={Gupta, Shreya and Singh, Parantak and Sundriyal, Megha and Akhtar, Md Shad and Chakraborty, Tanmoy},
  booktitle={Proceedings of the 16th Conference of the EACL: Main Volume},
  pages={3178--3188},
  year={2021}
}

%%Scispacy
@inproceedings{neumann-etal-2019-scispacy,
    title = "{S}cispa{C}y: {F}ast and {R}obust {M}odels for {B}iomedical {N}atural {L}anguage {P}rocessing",
    author = "Neumann, Mark  and
      King, Daniel  and
      Beltagy, Iz  and
      Ammar, Waleed",
    booktitle = "Proceedings of the 18th BioNLP Workshop and Shared Task",
    month = aug,
    year = "2019",
    address = "Florence, Italy",
    publisher = "ACL",
    url = "https://www.aclweb.org/anthology/W19-5034",
    doi = "10.18653/v1/W19-5034",
    pages = "319--327",
    eprint = {arXiv:1902.07669},
}
%%RAKE
@inbook{doi:https://doi.org/10.1002/9780470689646.ch1,
author = {Rose, Stuart and Engel, Dave and Cramer, Nick and Cowley, Wendy},
publisher = {John Wiley & Sons, Ltd},
isbn = {9780470689646},
title = {Automatic Keyword Extraction from Individual Documents},
booktitle = {Text Mining},
chapter = {1},
pages = {1-20},
year = {2010},
}
%%BART
@inproceedings{lewis-etal-2020-bart,
    title = "{BART}: Denoising Sequence-to-Sequence Pre-training for Natural Language Generation, Translation, and Comprehension",
    author = "Lewis, Mike  and
      Liu, Yinhan  and
      Goyal, Naman  and
      Ghazvininejad, Marjan  and
      Mohamed, Abdelrahman  and
      Levy, Omer  and
      Stoyanov, Veselin  and
      Zettlemoyer, Luke",
    booktitle = "Proceedings of the 58th Annual Meeting of the ACL",
    month = jul,
    year = "2020",
    address = "Online",
    publisher = "ACL",
    % url = "https://aclanthology.org/2020.acl-main.703",
    % doi = "10.18653/v1/2020.acl-main.703",
    pages = "7871--7880",
}


%%TCT-COLbert
@misc{lin2020distilling,
      title={Distilling Dense Representations for Ranking using Tightly-Coupled Teachers}, 
      author={Sheng-Chieh Lin and Jheng-Hong Yang and Jimmy Lin},
      year={2020},
      eprint={2010.11386},
      archivePrefix={arXiv},
      primaryClass={cs.IR}
}
%%FAISS
@article{JDH17,
  title={Billion-scale similarity search with GPUs},
  author={Johnson, Jeff and Douze, Matthijs and J{\'e}gou, Herv{\'e}},
  journal={arXiv preprint arXiv:1702.08734},
  year={2017}
}
%% Biobert
@article{10.1093/bioinformatics/btz682,
    author = {Lee, Jinhyuk and Yoon, Wonjin and Kim, Sungdong and Kim, Donghyeon and Kim, Sunkyu and So, Chan Ho and Kang, Jaewoo},
    title = "{BioBERT: a pre-trained biomedical language representation model for biomedical text mining}",
    journal = {Bioinformatics},
    volume = {36},
    number = {4},
    pages = {1234-1240},
    year = {2019},
    month = {09},
    issn = {1367-4803},
    % doi = {10.1093/bioinformatics/btz682},
    % url = {https://doi.org/10.1093/bioinformatics/btz682},
    % eprint = {https://academic.oup.com/bioinformatics/article-pdf/36/4/1234/32527770/btz682.pdf},
}

@misc{coleman_2020, 
    title={`Hundreds dead' because of Covid-19 misinformation}, url={https://www.bbc.com/news/world-53755067}, journal={BBC News}, 
    publisher={BBC}, 
    author={Coleman, Alistair}, 
    year={2020}, 
    month={Aug}
}

%%COVID-CAIRE
@misc{su2020cairecovid,
      title={CAiRE-COVID: A Question Answering and Query-focused Multi-Document Summarization System for COVID-19 Scholarly Information Management}, 
      author={Dan Su and Yan Xu and Tiezheng Yu and Farhad Bin Siddique and Elham J. Barezi and Pascale Fung},
      year={2020},
      eprint={2005.03975},
      archivePrefix={arXiv},
      primaryClass={cs.CL}
}

%%BERT
@inproceedings{devlin-etal-2019-bert,
    title = "{BERT}: Pre-training of Deep Bidirectional Transformers for Language Understanding",
    author = "Devlin, Jacob  and
      Chang, Ming-Wei  and
      Lee, Kenton  and
      Toutanova, Kristina",
    booktitle = "Proceedings of the 2019 Conference of the NAACL: Human Language Technologies, Volume 1 (Long and Short Papers)",
    month = jun,
    year = "2019",
    address = "Minneapolis, Minnesota",
    publisher = "ACL",
    url = "https://aclanthology.org/N19-1423",
    doi = "10.18653/v1/N19-1423",
    pages = "4171--4186",
}


%%ParagraphMultiTask
@misc{li2021paragraphlevel,
      title={A Paragraph-level Multi-task Learning Model for Scientific Fact-Verification}, 
      author={Xiangci Li and Gully Burns and Nanyun Peng},
      year={2021},
      eprint={2012.14500},
      archivePrefix={arXiv},
      primaryClass={cs.CL}
}

%%CORD19
@misc{wang2020cord19,
      title={CORD-19: The COVID-19 Open Research Dataset}, 
      author={Lucy Lu Wang and Kyle Lo and Yoganand Chandrasekhar and Russell Reas and Jiangjiang Yang and Doug Burdick and Darrin Eide and Kathryn Funk and Yannis Katsis and Rodney Kinney and Yunyao Li and Ziyang Liu and William Merrill and Paul Mooney and Dewey Murdick and Devvret Rishi and Jerry Sheehan and Zhihong Shen and Brandon Stilson and Alex Wade and Kuansan Wang and Nancy Xin Ru Wang and Chris Wilhelm and Boya Xie and Douglas Raymond and Daniel S. Weld and Oren Etzioni and Sebastian Kohlmeier},
      year={2020},
      eprint={2004.10706},
      archivePrefix={arXiv},
      primaryClass={cs.DL}
}

% FEVER dataset 
@article{thorne2018fever,
  title={Fever: a large-scale dataset for fact extraction and verification},
  author={Thorne, James and Vlachos, Andreas and Christodoulopoulos, Christos and Mittal, Arpit},
  journal={arXiv preprint arXiv:1803.05355},
  year={2018}
}



%%T5
@article{2020t5,
  author  = {Colin Raffel and Noam Shazeer and Adam Roberts and Katherine Lee and Sharan Narang and Michael Matena and Yanqi Zhou and Wei Li and Peter J. Liu},
  title   = {Exploring the Limits of Transfer Learning with a Unified Text-to-Text Transformer},
  journal = {Journal of Machine Learning Research},
  year    = {2020},
  volume  = {21},
  number  = {140},
  pages   = {1-67},
  url     = {http://jmlr.org/papers/v21/20-074.html}
}


%%VERT5INI
@inproceedings{pradeep-etal-2021-scientific,
    title = "Scientific Claim Verification with {V}er{T}5erini",
    author = "Pradeep, Ronak  and
      Ma, Xueguang  and
      Nogueira, Rodrigo  and
      Lin, Jimmy",
    booktitle = "Proceedings of the 12th International Workshop on Health Text Mining and Information Analysis",
    month = apr,
    year = "2021",
    address = "online",
    publisher = "ACL",
    % url = "https://aclanthology.org/2021.louhi-1.11",
    pages = "94--103",
}


%%SimpleLSTM
@inproceedings{chawla2019simplelstm,
  title={SimpleLSTM: A Deep-Learning Approach to Simple-Claims Classification},
  author={Chawla, Piyush and Esteves, Diego and Pujar, Karthik and Lehmann, Jens},
  booktitle={EPIA Conference on Artificial Intelligence},
  pages={244--255},
  year={2019},
  organization={Springer}
}



%%DeFACTONLP
@inproceedings{Reddy2018, 
title={DeFactoNLP: Fact Verification using Entity Recognition, TFIDF Vector Comparison and Decomposable Attention}, 
publisher={FEVER 2018, organised under EMNLP 2018}, 
author={Reddy, Aniketh Janardhan and Rocha, Gil and Esteves, Diego},
year={2018}
}



%%infodemic
@article{naeem2020covid,
  title={The Covid-19 ‘infodemic’: a new front for information professionals},
  author={Naeem, Salman Bin and Bhatti, Rubina},
  journal={Health Information \& Libraries Journal},
  volume={37},
  number={3},
  pages={233--239},
  year={2020},
  publisher={Wiley Online Library}
}

%%US elections
@article{allcott2017social,
  title={Social media and fake news in the 2016 election},
  author={Allcott, Hunt and Gentzkow, Matthew},
  journal={Journal of economic perspectives},
  volume={31},
  number={2},
  pages={211--36},
  year={2017}
}

%%CORD-19 arxiv
@article{Wang2020CORD19TC,
  title={CORD-19: The COVID-19 Open Research Dataset},
  author={Lucy Lu Wang and Kyle Lo and Yoganand Chandrasekhar and Russell Reas and Jiangjiang Yang and Darrin Eide and Kathryn Funk and Rodney Michael Kinney and Ziyang Liu and William Merrill and P. Mooney and D. Murdick and Devvret Rishi and J. Sheehan and Zhihong Shen and Brandon Stilson and Alex D Wade and Kuansan Wang and Christopher Wilhelm and Boya Xie and Douglas A. Raymond and Daniel S. Weld and Oren Etzioni and Sebastian Kohlmeier},
  journal={ArXiv},
  year={2020}
}
%% pyserini
@misc{lin2021pyserini,
      title={Pyserini: An Easy-to-Use Python Toolkit to Support Replicable IR Research with Sparse and Dense Representations}, 
      author={Jimmy Lin and Xueguang Ma and Sheng-Chieh Lin and Jheng-Hong Yang and Ronak Pradeep and Rodrigo Nogueira},
      year={2021},
      eprint={2102.10073},
      archivePrefix={arXiv},
      primaryClass={cs.IR}
}

%%Beir
@misc{thakur2021beir,
      title={BEIR: A Heterogenous Benchmark for Zero-shot Evaluation of Information Retrieval Models}, 
      author={Nandan Thakur and Nils Reimers and Andreas Rücklé and Abhishek Srivastava and Iryna Gurevych},
      year={2021},
      eprint={2104.08663},
      archivePrefix={arXiv},
      primaryClass={cs.IR}
}