% Use this file for citations not found in the ACL Anthology (contained in "anthology.bib").

@book{Aho:72,
    author  = {Alfred V. Aho and Jeffrey D. Ullman},
    title   = {The Theory of Parsing, Translation and Compiling},
    year    = "1972",
    volume  = "1",
    publisher = {Prentice-Hall},
    address = {Englewood Cliffs, NJ}
}

@book{APA:83,
    author  = {{American Psychological Association}},
    title   = {Publications Manual},
    year    = "1983",
    publisher = {American Psychological Association},
    address = {Washington, DC}
}

@article{Chandra:81,
	author = {Ashok K. Chandra and Dexter C. Kozen and Larry J. Stockmeyer},
	year = "1981",
	title = {Alternation},
	journal = {Journal of the Association for Computing Machinery},
	volume = "28",
	number = "1",
	pages = "114--133",
	doi = "10.1145/322234.322243",
}

@inproceedings{andrew2007scalable,
  title={Scalable training of {L1}-regularized log-linear models},
  author={Andrew, Galen and Gao, Jianfeng},
  booktitle={Proceedings of the 24th International Conference on Machine Learning},
  pages={33--40},
  year={2007},
}

@book{Gusfield:97,
    author  = {Dan Gusfield},
    title   = {Algorithms on Strings, Trees and Sequences},
    year    = "1997",
    publisher = {Cambridge University Press},
    address = {Cambridge, UK}
}

@article{rasooli-tetrault-2015,
    author    = {Mohammad Sadegh Rasooli and Joel R. Tetreault},
    title     = {Yara Parser: {A} Fast and Accurate Dependency Parser},
    journal   = {Computing Research Repository},
    volume    = {arXiv:1503.06733},
    year      = {2015},
    url       = {http://arxiv.org/abs/1503.06733},
    note    = {version 2}
}

@article{Ando2005,
	Acmid = {1194905},
	Author = {Ando, Rie Kubota and Zhang, Tong},
	Issn = {1532-4435},
	Issue_Date = {12/1/2005},
	Journal = {Journal of Machine Learning Research},
	Month = dec,
	Numpages = {37},
	Pages = {1817--1853},
	Publisher = {JMLR.org},
	Title = {A Framework for Learning Predictive Structures from Multiple Tasks and Unlabeled Data},
	Volume = {6},
	Year = {2005}
}

@inproceedings{bhattacharya2019social,
  title={Social degeneration through social media: A study of the adverse impact of ‘memes’},
  author={Bhattacharya, Prithvi},
  booktitle={2019 Sixth HCT Information Technology Trends (ITT)},
  pages={44--46},
  year={2019},
  organization={IEEE}
}

@article{kiela2020hateful,
  title={The hateful memes challenge: Detecting hate speech in multimodal memes},
  author={Kiela, Douwe and Firooz, Hamed and Mohan, Aravind and Goswami, Vedanuj and Singh, Amanpreet and Ringshia, Pratik and Testuggine, Davide},
  journal={Advances in Neural Information Processing Systems},
  volume={33},
  pages={2611--2624},
  year={2020}
}

@article{zhu2020enhance,
  title={Enhance multimodal transformer with external label and in-domain pretrain: Hateful meme challenge winning solution},
  author={Zhu, Ron},
  journal={arXiv preprint arXiv:2012.08290},
  year={2020}
}

@article{pramanick2021detecting,
  title={Detecting harmful memes and their targets},
  author={Pramanick, Shraman and Dimitrov, Dimitar and Mukherjee, Rituparna and Sharma, Shivam and Akhtar, Md and Nakov, Preslav and Chakraborty, Tanmoy and others},
  journal={arXiv preprint arXiv:2110.00413},
  year={2021}
}

@inproceedings{afridi2020multimodal,
  title={A multimodal memes classification: A survey and open research issues},
  author={Afridi, Tariq Habib and Alam, Aftab and Khan, Muhammad Numan and Khan, Jawad and Lee, Young-Koo},
  booktitle={The Proceedings of the Third International Conference on Smart City Applications},
  pages={1451--1466},
  year={2020},
  organization={Springer}
}

@article{vaswani2017attention,
  title={Attention is all you need},
  author={Vaswani, Ashish and Shazeer, Noam and Parmar, Niki and Uszkoreit, Jakob and Jones, Llion and Gomez, Aidan N and Kaiser, {\L}ukasz and Polosukhin, Illia},
  journal={Advances in neural information processing systems},
  volume={30},
  year={2017}
}

@article{chen2022vlp,
  title={VLP: A Survey on Vision-Language Pre-training},
  author={Chen, Feilong and Zhang, Duzhen and Han, Minglun and Chen, Xiuyi and Shi, Jing and Xu, Shuang and Xu, Bo},
  journal={arXiv preprint arXiv:2202.09061},
  year={2022}
}

@article{li2019visualbert,
  title={Visualbert: A simple and performant baseline for vision and language},
  author={Li, Liunian Harold and Yatskar, Mark and Yin, Da and Hsieh, Cho-Jui and Chang, Kai-Wei},
  journal={arXiv preprint arXiv:1908.03557},
  year={2019}
}

@inproceedings{chen2020uniter,
  title={Uniter: Universal image-text representation learning},
  author={Chen, Yen-Chun and Li, Linjie and Yu, Licheng and El Kholy, Ahmed and Ahmed, Faisal and Gan, Zhe and Cheng, Yu and Liu, Jingjing},
  booktitle={European conference on computer vision},
  pages={104--120},
  year={2020},
  organization={Springer}
}


@inproceedings{li2020oscar,
  title={Oscar: Object-semantics aligned pre-training for vision-language tasks},
  author={Li, Xiujun and Yin, Xi and Li, Chunyuan and Zhang, Pengchuan and Hu, Xiaowei and Zhang, Lei and Wang, Lijuan and Hu, Houdong and Dong, Li and Wei, Furu and others},
  booktitle={European Conference on Computer Vision},
  pages={121--137},
  year={2020},
  organization={Springer}
}

@article{tan2019lxmert,
  title={Lxmert: Learning cross-modality encoder representations from transformers},
  author={Tan, Hao and Bansal, Mohit},
  journal={arXiv preprint arXiv:1908.07490},
  year={2019}
}

@article{yu2020ernie,
  title={Ernie-vil: Knowledge enhanced vision-language representations through scene graph},
  author={Yu, Fei and Tang, Jiji and Yin, Weichong and Sun, Yu and Tian, Hao and Wu, Hua and Wang, Haifeng},
  journal={arXiv preprint arXiv:2006.16934},
  year={2020}
}

@inproceedings{zhang2020devlbert,
  title={Devlbert: Learning deconfounded visio-linguistic representations},
  author={Zhang, Shengyu and Jiang, Tan and Wang, Tan and Kuang, Kun and Zhao, Zhou and Zhu, Jianke and Yu, Jin and Yang, Hongxia and Wu, Fei},
  booktitle={Proceedings of the 28th ACM International Conference on Multimedia},
  pages={4373--4382},
  year={2020}
}

@article{lu2019vilbert,
  title={Vilbert: Pretraining task-agnostic visiolinguistic representations for vision-and-language tasks},
  author={Lu, Jiasen and Batra, Dhruv and Parikh, Devi and Lee, Stefan},
  journal={Advances in neural information processing systems},
  volume={32},
  year={2019}
}

@inproceedings{sharma2022report,
  title={Findings of the CONSTRAINT 2022 Shared Task on Detecting the Hero, the Villain, and the Victim in Memes},
  author={Shivam Sharma and Tharun Suresh and Atharva Jitendra and Himanshi Mathur and Preslav Nakov and Md. Shad Akhtar and Tanmoy Chakraborty},
  booktitle={Proceedings of the Workshop on Combating Online Hostile Posts in Regional Languages during Emergency Situations - CONSTRAINT 2022, Collocated with ACL 2022},
  year = {2022}
}

@article{loper2002nltk,
  title={Nltk: The natural language toolkit},
  author={Loper, Edward and Bird, Steven},
  journal={arXiv preprint cs/0205028},
  year={2002}
}

@article{su2019vl,
  title={Vl-bert: Pre-training of generic visual-linguistic representations},
  author={Su, Weijie and Zhu, Xizhou and Cao, Yue and Li, Bin and Lu, Lewei and Wei, Furu and Dai, Jifeng},
  journal={arXiv preprint arXiv:1908.08530},
  year={2019}
}

@inproceedings{lin2017focal,
  title={Focal loss for dense object detection},
  author={Lin, Tsung-Yi and Goyal, Priya and Girshick, Ross and He, Kaiming and Doll{\'a}r, Piotr},
  booktitle={Proceedings of the IEEE international conference on computer vision},
  pages={2980--2988},
  year={2017}
}

@article{du2022survey,
  title={A Survey of Vision-Language Pre-Trained Models},
  author={Du, Yifan and Liu, Zikang and Li, Junyi and Zhao, Wayne Xin},
  journal={arXiv preprint arXiv:2202.10936},
  year={2022}
}

@inproceedings{zellers2019recognition,
  title={From recognition to cognition: Visual commonsense reasoning},
  author={Zellers, Rowan and Bisk, Yonatan and Farhadi, Ali and Choi, Yejin},
  booktitle={Proceedings of the IEEE/CVF conference on computer vision and pattern recognition},
  pages={6720--6731},
  year={2019}
}